@misc{reaktivnost,
title={{Vue} Reactivity in Depth},
author = {Evan You (ured.)},
howpublished={Dosegljivo: \url{https://v3.vuejs.org/guide/reactivity.html#what-is-reactivity}},
note = {[Dostopano: 31. 12. 2020]},
}

@misc{delovanjeReaktivnost,
title={{Vue} How Changes Are Tracked},
author = {Evan You (ured.)},
howpublished={Dosegljivo: \url{https://vuejs.org/v2/guide/reactivity.html#How-Changes-Are-Tracked}},
note = {[Dostopano: 31. 12. 2020]},
}
