 @misc{Kaj je reaktivnost,
title={{Vue} Reactivity in Depth},
author = {Matja≈æ Gams (ured.)},
howpublished={Dosegljivo: \url{https://v3.vuejs.org/guide/reactivity.html#what-is-reactivity}},
note = {[Dostopano: 31. 12. 2020]},
}
